%01
@misc{levf2023,
  author       = {{Longevity Escape Velocity (LEV) Foundation}},
  title        = {{Robust Mouse Rejuvenation
Study 1}},
  howpublished = {\url{https://www.levf.org/projects/robust-mouse-rejuvenation-study-1}},
  year         = {2023},
  note         = {Accessed on 2023-11-19},
}