@book{mackay2003information,
  title={Information theory, inference and learning algorithms},
  author={MacKay, David JC},
  year={2003},
  publisher={Cambridge university press}
}

@article{harrison_acarbose_2014,
	title = {Acarbose, 17-\textalpha-estradiol, and nordihydroguaiaretic acid extend mouse lifespan preferentially in males},
	volume = {13},
	issn = {1474-9718},
	url = {https://www.ncbi.nlm.nih.gov/pmc/articles/PMC3954939/},
	doi = {10.1111/acel.12170},
	number = {2},
	urldate = {2024-01-12},
	journal = {Aging Cell},
	author = {Harrison, David E and Strong, Randy and Allison, David B and Ames, Bruce N and Astle, Clinton M and Atamna, Hani and Fernandez, Elizabeth and Flurkey, Kevin and Javors, Martin A and Nadon, Nancy L and Nelson, James F and Pletcher, Scott and Simpkins, James W and Smith, Daniel and Wilkinson, J Erby and Miller, Richard A},
	month = {04},
	year = {2014},
	pmid = {24245565},
	pmcid = {PMC3954939},
	pages = {273--282},
}

@online{levf_update1,
	title = {March 12th, 2023},
    author = {Aubrey de Grey},
	url = {https://www.levf.org/projects/robust-mouse-rejuvenation-study-1/study-updates/march-12th-2023},
	abstract = {Yesterday we started the treatment of cohort 2… there's plenty to say about each of these, so let me dive in.},
    year = {2023},
	language = {en-US},
	urldate = {2024-01-12},
	journal = {LEV Foundation},
    note = {Accessed: 2024-01-12}
}

@article{wagner2023aging,
  title={Aging impairs the neurovascular interface in the heart},
  author={Wagner, Julian UG and Tombor, Lukas S and Malacarne, Pedro Felipe and Kettenhausen, Lisa-Maria and Panthel, Josefine and Kujundzic, Haris and Manickam, Nivethitha and Schmitz, Katja and Cipca, Maria and Stilz, Kathrin A and others},
  journal={Science},
  volume={381},
  number={6660},
  pages={897--906},
  year={2023},
  publisher={American Association for the Advancement of Science}
}

@article{collado2007cellular,
  title={Cellular senescence in cancer and aging},
  author={Collado, Manuel and Blasco, Maria A and Serrano, Manuel},
  journal={Cell},
  volume={130},
  number={2},
  pages={223--233},
  year={2007},
  publisher={Elsevier}
}

@misc{robust_mouse_study_1,
	title = {Robust {Mouse} {Rejuvenation} - {Study} 1},
	url = {https://www.levf.org/projects/robust-mouse-rejuvenation-study-1},
	abstract = {LEV Foundation's flagship research program explores the potential synergies between techniques known to extend healthspan.},
	language = {en-US},
    year = {2023},
	urldate = {2024-01-12},
	journal = {LEV Foundation},
    note = {Accessed: 2024-01-12}
}

@article{bernardes2012telomerase,
  title={Telomerase gene therapy in adult and old mice delays aging and increases longevity without increasing cancer},
  author={Bernardes de Jesus, Bruno and Vera, Elsa and Schneeberger, Kerstin and Tejera, Agueda M and Ayuso, Eduard and Bosch, Fatima and Blasco, Maria A},
  journal={EMBO molecular medicine},
  volume={4},
  number={8},
  pages={691--704},
  year={2012},
  publisher={WILEY-VCH Verlag Weinheim}
}

@article{gompertz,
    author = {Thomas B. L. Kirkwood},
	url = {https://royalsocietypublishing.org/doi/10.1098/rstb.2014.0379},
	doi = {10.1098/rstb.2014.0379},
    title = {Deciphering death: a commentary on Gompertz (1825) ‘On the nature of the function expressive of the law of human mortality, and on a new mode of determining the value of life contingencies’},
    journal = {Royal Society},
    year = {2015}
}

@article{mccarty2015acarbose,
  title={Acarbose, lente carbohydrate, and prebiotics promote metabolic health and longevity by stimulating intestinal production of GLP-1},
  author={McCarty, Mark F and DiNicolantonio, James J},
  journal={Open Heart},
  volume={2},
  number={1},
  year={2015},
  publisher={BMJ Publishing Group}
}

@article{chia2018age,
  title={Age-related changes in glucose metabolism, hyperglycemia, and cardiovascular risk},
  author={Chia, Chee W and Egan, Josephine M and Ferrucci, Luigi},
  journal={Circulation research},
  volume={123},
  number={7},
  pages={886--904},
  year={2018},
  publisher={Am Heart Assoc}
}

@article{li2014rapamycin,
  title={Rapamycin: one drug, many effects},
  author={Li, Jing and Kim, Sang Gyun and Blenis, John},
  journal={Cell metabolism},
  volume={19},
  number={3},
  pages={373--379},
  year={2014},
  publisher={Elsevier}
}

@article{saunders2001rapamycin,
  title={Rapamycin in transplantation: a review of the evidence},
  author={Saunders, Richard N and Metcalfe, Mathew S and Nicholson, Michael L},
  journal={Kidney international},
  volume={59},
  number={1},
  pages={3--16},
  year={2001},
  publisher={Elsevier}
}

@article{fontana2010extending,
  title={Extending healthy life span—from yeast to humans},
  author={Fontana, Luigi and Partridge, Linda and Longo, Valter D},
  journal={science},
  volume={328},
  number={5976},
  pages={321--326},
  year={2010},
  publisher={American Association for the Advancement of Science}
}

@article{mccarthy2023mortality,
    doi = {10.1371/journal.pone.0281752},
    author = {McCarthy, David AND Wang, Po-Lin},
    journal = {PLOS ONE},
    publisher = {Public Library of Science},
    title = {Mortality postponement and compression at older ages in human cohorts},
    year = {2023},
    month = {03},
    volume = {18},
    url = {https://doi.org/10.1371/journal.pone.0281752},
    pages = {1-17},
    number = {3},

}
}